<?xml version="1.0" encoding="UTF-8"?><collection xmlns="http://www.loc.gov/MARC21/slim"><record><leader>00615nam--2200217-u-4500</leader><controlfield tag="001">000050662</controlfield><controlfield tag="002">20161230</controlfield><controlfield tag="005">20161230201048</controlfield><controlfield tag="008">080304s1000------------r-----000-0-eng-d</controlfield><datafield ind1=" " ind2=" " tag="020"><subfield code="a">0198505523</subfield></datafield><datafield ind1=" " ind2=" " tag="040"><subfield code="a">IFIN-HH</subfield></datafield><datafield ind1=" " ind2=" " tag="080"><subfield code="a">548.73:535.42</subfield></datafield><datafield ind1="1" ind2=" " tag="100"><subfield code="a">Hammond,Christopher</subfield></datafield><datafield ind1="1" ind2="0" tag="245"><subfield code="a">The Basics of Crystallographe and Diffraction</subfield><subfield code="c">Christopher Hammond</subfield></datafield><datafield ind1=" " ind2=" " tag="260"><subfield code="a">Oxford</subfield><subfield code="b">University Press</subfield><subfield code="c">2001</subfield></datafield><datafield ind1=" " ind2=" " tag="300"><subfield code="a">331 p</subfield></datafield><datafield ind1=" " ind2=" " tag="490"><subfield code="a">IUCr Texts on Crystallography</subfield><subfield code="v">vol. 5</subfield></datafield><datafield ind1=" " ind2=" " tag="504"><subfield code="a">Includes Index</subfield></datafield><datafield ind1=" " ind2="4" tag="650"><subfield code="a">Crystals and Crystal Structure</subfield></datafield><datafield ind1=" " ind2=" " tag="852"><subfield code="a">81982</subfield><subfield code="c">548</subfield></datafield><datafield ind1=" " ind2=" " tag="CAT"><subfield code="a">Sys</subfield><subfield code="c">20110407</subfield><subfield code="h">134654</subfield></datafield></record></collection>